
@article{dempster77,
  author="A. P. Dempster and N. M. Laird and D. B. Rubin",
  title="Maximum Likelihood from Incomplete Data via the EM Algorithm",
  journal="Journal of the Royal Statistical Society. Series B (Methodological)",
  volume="39, No. 1",
  pages="1-38",
  year="1977",
}

@book{Bishop,
 author = {Bishop, Christopher M.},
 title = {Pattern Recognition and Machine Learning (Information Science and Statistics)},
 year = {2006},
 isbn = {0387310738},
 publisher = {Springer-Verlag New York, Inc.},
 address = {Secaucus, NJ, USA},
}
